
@online{Bertocci2019,
  author={Vittorio Bertocci},
  title={OAuth2 Implicit Grant and SPA},
  year={2019},
  url={https://auth0.com/blog/oauth2-implicit-grant-and-spa/}, 
  urldate={},
  annotation={The blog post goes on details on why the revised Best Current Practices recently deprecated the OAuth2 Implicit Grant with pros and cons without being too extreme nor alarmist on a backlog of already deployed apps with implicit grant to care about.}
  }

@online{Siriwardena2016,
  author={Prabath Siriwardena},
  title={Securing Microservices (Part I)},
  year={2016},
  url={https://medium.facilelogin.com/securing-microservices-with-oauth-2-0-jwt-and-xacml-d03770a9a838},
  urldate={},
  annotation={This is a nice introduction to the topic of API and microservices security, and the challenges that it can pose: call chains, scopes limitation, token format, token lifecycle/expiration, etc.}
  }
