@book{Windley2005,
	author = {Windley, Phillip J},
	isbn = {978-0-596-00878-9},
	pages = {266 pages},
	publisher = {O'Reilly Media},
	shorttitle = {Digital Identity},
	title = {{Digital Identity: Unmasking Identity Management Architeture (IMA)}},
	year = {2005},
    annotation = {I've used Phil's resource before in several contexts, including:
a) Course textbook for an online course in enterprise identity management
b) Selecting some chapters as "homework assignments" for newcomers to our IDAM Team
c) Educating decision-makers on the governance aspects of identity management in enterprise.

His chapter 15 example of an Identity Management Maturity (IMM) model is outstanding.}
}

@booklet{Prasad2012,
	author = {Prasad, Ganesh and Rajbhandari, Umesh},
	publisher = {InfoQ},
	title = {{Identity Management on a Shoestring}},
	url = {https://www.infoq.com/minibooks/Identity-Management-Shoestring},
	year = {2012},
    annotation = {In some contexts, IDAM middleware doesn't get much love. And sometimes, not much budget. In those cases, take some tips from these authors as they assemble an admirable collection of open-source technologies, and an identity-management architecture (IMA) for enterprise. A great read, recommended to me by a respected IDAM colleague.}
}

@online{Hazelton2015,
	author = {Hazelton, Keith and Walker, David},
	title = {{The CIC Cloud Services Cookbook}},
	url = {https://carmenwiki.osu.edu/display/CICIDM/The+CIC+Cloud+Services+Cookbook},
	year = {2015},
  annotation={A great reference coming from the higher-Ed space on SAML SSO integrations, written in a very compelling DO and DON'T format. Many great lessons-to-learn from this one, on many topics in the identity and access management space.}
  }

