
@inbook{IAMPrimer2016,
  title={Practical Identity Management with midPoint},
  edition = {1.1},
  author={Radovan Semančík},
  chapter = {Understanding Identity and Access Management},
  year={2016},
  publisher={Evolveum},
  url = {https://evolveum.com/midpoint/midpoint-guide-about-practical-identity-management/},
  annotation = {This well-written primer on enterprise IAM explains the key concepts and solutions of identity and access management in plain words. While part of a book on a specific product, this chapter is most useful to anybody desining, or implementing IAM solutions.}
  }
