
@book{Windley2005,
	author = {Windley, Phillip J},
	isbn = {9780596008789},
	pages = {266 pages},
	publisher = {O'Reilly Media},
	shorttitle = {Digital Identity},
	title = {{Digital Identity: Unmasking Identity Management Architeture (IMA)}},
	year = {2005},
    annotation = {This book starts with the basics of digital identity - what you know, 
what you have, what you are. From there it provides a broad overview of many important 
concepts. It is an accessible book and caters to beginner and expert readers alike and
best of all, it can be read cover to cover in one sitting.}
}

