
@booklet{Mezler-Andelberg2007,
  author={Christian Mezler-Andelberg},
  title={Identity Management - eine Einführung},
  url={https://www.dpunkt.de/buecher/10816/-identity-management---eine-einführung.html},
  year={2007},
  urldate={2019-01-12},
  annotation={In this book you get to know a lot about Identity Management, it’s a kind of Basics.There are a lot of models included, different techniques any many other things.\\

In diesem Buch erfahren Sie viel über Identity Management, es ist eine Art Grundlagen. Es gibt viele Modelle, verschiedene Techniken und viele andere Dinge.
}
}    


@online{Lutz2007,
  author={Katharina Lutz},
  title={2-Faktor-Authentifizierung (2FA) – sensible Daten doppelt schützen},
  year={2018},
  url={https://www.abilis.de/blog/2018/07/05/2-faktor-authentifizierung-2fa-sensible-daten-doppelt-schuetzen/},
  urldate={2019-01-12},
  annotation={As a Password is one of the oldest Way to Protect something like an account which needs also a username, smart people developed things like 2 Factor Authentication (2FA) or Multi Factor Authentication (MFA). This describes way it is necessary to implement a 2FA Solution. This is also important when it comes to access restricted areas of any IT Network. As you may know, they are tons of information which are categorized as sensitive data and for the company it could lead to a critical situation if this data gets lost or attacked. So implementing a 2FA is very important.\\

  Da ein Passwort eine der ältesten Methoden zum Schutz eines Kontos ist, das auch einen Benutzernamen benötigt, entwickelten intelligente Leute Dinge wie 2 Factor Authentication (2FA) oder Multi Factor Authentication (MFA). Hier wird beschrieben, wie es notwendig ist, eine 2FA-Lösung zu implementieren. Dies ist auch wichtig, wenn Sie auf eingeschränkte Bereiche eines IT-Netzwerks zugreifen möchten. Wie Sie vielleicht wissen, handelt es sich dabei um eine Unmenge von Informationen, die als sensible Daten eingestuft werden. Dies kann für das Unternehmen zu einer kritischen Situation führen, wenn diese Daten verloren gehen oder angegriffen werden. Die Implementierung einer 2FA ist daher sehr wichtig.
}
  }
